<?xml version="1.0" encoding="UTF-8"?><collection xmlns="http://www.loc.gov/MARC21/slim"><record><leader>00393nam--2200133-i-4500</leader><controlfield tag="001">000030644</controlfield><controlfield tag="002">20161230</controlfield><controlfield tag="005">20161230201038</controlfield><controlfield tag="008">060222s1000------------r-----000-0-eng-d</controlfield><datafield ind1=" " ind2=" " tag="080"><subfield code="a">621.3.025(076.1)=2</subfield></datafield><datafield ind1=" " ind2=" " tag="100"><subfield code="a">Lyon, Waldo V</subfield></datafield><datafield ind1=" " ind2=" " tag="245"><subfield code="a">Problems in electrical engineering alternating currents. 2-nd edition, 7th impression</subfield></datafield><datafield ind1=" " ind2=" " tag="260"><subfield code="a">New York, Mcgraw-hill, 1931, Xii + 233p</subfield></datafield><datafield ind1=" " ind2=" " tag="852"><subfield code="a">1047</subfield></datafield></record></collection>